% -------------------------------------------------------------------------->
% -------------------------------------------------------------------------->
% Point base merging papers.

@book{lowe_2014, 
place={Hoboken, NJ}, 
title={Java all-in-one for dummies}, 
publisher={John Wiley & Sons}, 
author={Lowe, Doug}, 
year={2014}
}

@article{tziatzios_shao_loukides_2011, title={A heuristic method for deriving range-based classification rules}, DOI={10.1109/fskd.2011.6019723}, journal={2011 Eighth International Conference on Fuzzy Systems and Knowledge Discovery (FSKD)}, author={Tziatzios, Achilleas and Shao, Jianhua and Loukides, Grigorios}, year={2011}}

@phdthesis{tziatzios, title={Data mining of range-based classification rules for data characterization}, url={http://orca.cf.ac.uk/65902/1/2014tziatziosaphd.pdf}, author={Tziatzios, Achilleas}}
